@bcthesis{ja,
author = {Ján Antala},
pages = {52},
address = {Bratislava},
school = {FIIT STU},
title = {Tvorba bohatých internetových aplikácií pre mobilné zariadenia},
year = {2012}
}

@techreport{mobiforge,
author = {Ronan Cremin},
title = {Mobile web content adaptation techniques},
institution = {mobiForge},
year = {November 2, 2011},
url = {http://mobiforge.com/starting/story/mobile-web-content-adaptation-techniques}
}

@techreport{performance,
author = {Ronan Cremin},
title = {Performance is money, part 1: the end-user's wallet},
institution = {mobiForge},
year = {March 12, 2013},
url = {http://mobiforge.com/designing/blog/performance-money-part-1-end-users-wallet}
}

@conference{adaptive,
author = {Brad Frost},
title = {Beyond Media Queries: Anatomy of an Adaptive Web Design},
booktitle = {An Event Apart conference},
address = {Washington DC, USA},
year = {August 6, 2012},
}

@conference{adaptivesxsw,
author = {Brad Frost},
title = {Beyond Squishy: The Principles of Adaptive Design},
booktitle = {SXSW conference},
address = {Austin, TX, USA},
year = {March 9, 2013}
}

@inproceedings{fffweb,
author = {Brad Frost},
title = {For a Future-Friendly Web},
booktitle = {A List Apart Magazine: Issue 346},
publisher = {A List Apart},
issn = {1534-0295},
year = {Mar 13, 2012},
address = {New York, New York, USA},
url = {http://www.alistapart.com/articles/responsive-web-design}
}

@conference{allmobilediagram,
author = {Brad Frost},
title = {Responsive Design Vs Separate Mobile Sites: Presidential Smackdown Edition},
booktitle = {Breaking Development conference},
address = {Dallas, TX, USA},
year = {September 24, 2012}
}

@book{gardner2011head,
author = {Lyza Danger Gardner and Jason Grigsby},
title = {Head First Mobile Web},
proceedings = {Cloud Four},
publisher = {O'Reilly Media, Incorporated},
address = {Sebastopol, CA, USA},
year = {2012},
isbn = {9781449302665}
}

@conference{1000ms,
author = {Ilya Grigorik},
title = {Breaking the 1000 ms Time to Glass Mobile Barrier},
booktitle = {SF HTML5},
address = {San Francisco, CA, USA},
year = {Mar 22, 2013}
}

@techreport{links,
author = {Jason Grigsby},
title = {Links Don’t Open Apps},
institution = {Cloud Four},
address = {Portland, OR, USA},
year = {Mar 16, 2011},
url = {http://blog.cloudfour.com/links-do-not-open-apps/}
}

@book{gustafson2011adaptive,
author = {Aaron Gustafson},
title = {Adaptive Web Design: Crafting Rich Experiences with Progressive Enhancement},
isbn = {9780983589501},
publisher = {Easy Readers},
address = {Chattanooga, Tennessee, USA},
year = {2011}
}

@inproceedings{aaron,
author = {Aaron Gustafson},
title = {Understanding Progressive Enhancement},
booktitle = {A List Apart Magazine: Issue 269},
publisher = {A List Apart},
issn = {1534-0295},
year = {October 07, 2008},
address = {New York, New York, USA},
url = {http://alistapart.com/article/understandingprogressiveenhancement}
}

@webpage{noMobileWeb,
author = {Stephen Hay},
title = {There is no Mobile Web},
year = {Jan 07, 2011},
url = {ttp://www.the-haystack.com/2011/01/07/there-is-no-mobile-web/}
}

@techreport{urlscheme,
author = {{iOS Developer Library}},
title = {Implementing Custom URL Schemes},
institution = {Safari Web Content Guide},
url = {http://developer.apple.com/library/ios/#documentation/iphone/conceptual/iphoneosprogrammingguide/AdvancedAppTricks/AdvancedAppTricks.html#//apple_ref/doc/uid/TP40007072-CH7-SW50}
}

@techreport{smartappbanner,
author = {{iOS Developer Library}},
title = {Promoting Apps with Smart App Banners},
institution = {Safari Web Content Guide},
url = {http://developer.apple.com/library/ios/#documentation/AppleApplications/Reference/SafariWebContent/PromotingAppswithAppBanners/PromotingAppswithAppBanners.html}
}

@conference{pixelnotpixel,
author = {Peter-Paul Koch},
title = {A pixel is not a pixel},
booktitle = {Fronteers conference},
address = {Amsterdam, Netherlands},
year = {Oct 4, 2012}
}

@inproceedings{responsive,
author = {Ethan Marcotte},
title = {Responsive Web Design},
booktitle = {A List Apart Magazine: Issue 306},
publisher = {A List Apart},
issn = {1534-0295},
year = {May 25, 2010},
address = {New York, New York, USA},
url = {http://www.alistapart.com/articles/responsive-web-design}
}

@inproceedings{mediaqueries,
author = {W3C},
title = {Media Queries},
booktitle = {W3C Recommendation},
year = {19 June 2012},
url = {http://www.w3.org/TR/css3-mediaqueries/}
}

@inproceedings{w3cpixel,
author = {W3C},
title = {CSS Values and Units Module Level 3},
booktitle = {W3C Candidate Recommendation},
year = {4 April 2013},
url = {http://www.w3.org/TR/css3-values/}
}

@inproceedings{timing,
author = {W3C},
title = {Navigation Timing},
booktitle = {W3C Recommendation}, 
year = {17 December 2012},
url = {http://www.w3.org/TR/navigation-timing/}
}

@inproceedings{network,
author = {W3C},
title = {The Network Information API},
booktitle = {W3C Working Draft}, 
year = {29 November 2012},
url = {http://www.w3.org/TR/netinfo-api/}
}

@techreport{bigscreen,
author = {Luke Wroblewski},
title = {Data Monday: Big Screen Smartphones},
institution = {LukeW Ideation + Design},
address = {Silicon Valley, CA, USA},
year = {October 15, 2012},
url = {http://www.lukew.com/ff/entry.asp?1644}
}

@techreport{bilion,
author = {Luke Wroblewski},
title = {Data Monday: Can Smartphones Keep Growing?},
institution = {LukeW Ideation + Design},
address = {Silicon Valley, CA, USA},
year = {October 21, 2012},
url = {http://www.lukew.com/ff/entry.asp?1644}
}

@techreport{customscheme,
author = {Luke Wroblewski},
title = {Linking Mobile Web and Native App Experiences},
institution = {LukeW Ideation + Design},
address = {Silicon Valley, CA, USA},
year = {November 14, 2012},
url = {http://www.lukew.com/ff/entry.asp?1654}
}

@book{mobilefirst, 
author = {Luke Wroblewski},
title = {Mobile First},
edition = {1st},
pages = {123},
publisher = {A Book Apart},
address = {New York, New York, USA},
year = {2011},
isbn = {9781937557027},
url = {http://www.abookapart.com/products/mobile-first},
}

@techreport{navigation,
author = {Luke Wroblewski},
title = {Responsive Navigation: Optimizing for Touch Across Devices},
institution = {LukeW Ideation + Design},
address = {Silicon Valley, CA, USA},
year = {November 2, 2012},
url = {http://www.lukew.com/ff/entry.asp?1649}
}

@techreport{whymobile,
author = {Luke Wroblewski},
title = {Why Mobile Matters},
institution = {LukeW Ideation + Design},
address = {Silicon Valley, CA, USA},
year = {February 21, 2012},
url = {http://www.lukew.com/ff/entry.asp?1644}
}

@inproceedings{mobilebookwhatsgoingon,
author = {Peter-Paul Koch},
title = {What's Going On In Mobile?},
booktitle = {The Mobile Book},
publisher = {Smashing Magazine},
address = {Freiburg, Germany},
year = {2012},
isbn = {9783943075502}
}

@inproceedings{mobilebookfuture,
author = {Stephanie Rieger},
title = {The Future Of Mobile},
booktitle = {The Mobile Book},
publisher = {Smashing Magazine},
address = {Freiburg, Germany},
year = {2012},
isbn = {9783943075502}
}

@inproceedings{mobilebookpatterns,
author = {Brad Frost},
title = {Responsive Design Patterns},
booktitle = {The Mobile Book},
publisher = {Smashing Magazine},
address = {Freiburg, Germany},
year = {2012},
isbn = {9783943075502}
}

@inproceedings{mobilebookstrategy,
author = {Trent Walton},
title = {Responsive Design Strategy},
booktitle = {The Mobile Book},
publisher = {Smashing Magazine},
address = {Freiburg, Germany},
year = {2012},
isbn = {9783943075502}
}

@inproceedings{mobilebookoptimizing,
author = {Dave Olsen},
title = {Optimizing For Mobile},
booktitle = {The Mobile Book},
publisher = {Smashing Magazine},
address = {Freiburg, Germany},
year = {2012},
isbn = {9783943075502}
}

@inproceedings{mobilebookhandson,
author = {Dennis Kardys},
title = {Hands-On Design For Mobile},
booktitle = {The Mobile Book},
publisher = {Smashing Magazine},
address = {Freiburg, Germany},
year = {2012},
isbn = {9783943075502}
}

@inproceedings{mobilebooktouch,
author = {Josh Clark},
title = {Designing For Touch},
booktitle = {The Mobile Book},
publisher = {Smashing Magazine},
address = {Freiburg, Germany},
year = {2012},
isbn = {9783943075502}
}

@inproceedings{tabletuse,
title = {Understanding Tablet Use: A Multi-Method Exploration},
author  = {Hendrik Mueller and Jennifer L. Gove and John S. Webb},
year  = 2012,
booktitle = {Proceedings of the 14th Conference on Human-Computer Interaction with Mobile Devices and Services (Mobile HCI 2012)}
}

@inproceedings{mobileuse,
 author = {Chua, Alton Y. K. and Balkunje, Radhika Shenoy and Goh, Dion Hoe-Lian},
 title = {Fulfilling mobile information needs: a study on the use of mobile phones},
 booktitle = {Proceedings of the 5th International Conference on Ubiquitous Information Management and Communication},
 series = {ICUIMC '11},
 year = {2011},
 isbn = {978-1-4503-0571-6},
 location = {Seoul, Korea},
 pages = {92:1--92:7},
 articleno = {92},
 numpages = {7},
 url = {http://doi.acm.org/10.1145/1968613.1968721},
 doi = {10.1145/1968613.1968721},
 acmid = {1968721},
 publisher = {ACM},
 address = {New York, NY, USA},
 keywords = {context, diary study, mobile information needs, mobile phones, users' perception},
} 

@inproceedings{smarthopenseveryday,
title = {Empowerment through seamfulness: Smart phones in everyday life},
author  = {Barkhuus, L. and Polichar, V. E.},
year  = 2011,
booktitle = {Personal and Ubiquitous Computing 15},
publisher = {Springer},
issn = {1617-4909},
pages = {629–639}
}
